<?xml version="1.0" encoding="UTF-8"?><collection xmlns="http://www.loc.gov/MARC21/slim"><record><leader>00418nam--2200121-i-4500</leader><controlfield tag="001">000037033</controlfield><controlfield tag="002">20161230</controlfield><controlfield tag="005">20161230201041</controlfield><controlfield tag="008">060222s1000------------r-----000-0-eng-d</controlfield><datafield ind1=" " ind2=" " tag="080"><subfield code="a">512(075.8)</subfield></datafield><datafield ind1=" " ind2=" " tag="245"><subfield code="a">Probleme actuale de matematica. conferinte tinute la cursurile de vara pentru profesorii de matematica la sacele si cimpulung moldovenesc - 1964</subfield></datafield><datafield ind1=" " ind2=" " tag="260"><subfield code="a">Bucuresti, Ed.Didact.Si Pedag., 1968, 493p</subfield></datafield><datafield ind1=" " ind2=" " tag="852"><subfield code="a">75409</subfield></datafield></record></collection>